<record xmlns:xsi="http://www.w3.org/2001/XMLSchema-instance" xmlns="http://www.loc.gov/MARC21/slim" xsi:schemaLocation="http://www.loc.gov/MARC21/slim http://www.loc.gov/standards/marcxml/schema/MARC21slim.xsd">

  <leader>00637nam a2200193Ia 4500</leader>
  <datafield ind2=" " ind1=" " tag="999">
    <subfield code="c">733</subfield>
    <subfield code="d">733</subfield>
  </datafield>
  <controlfield tag="008">170525b2004    ve ||||| |||| 00| | spa d</controlfield>
  <datafield tag="020" ind1=" " ind2=" ">
    <subfield code="a">980120690X</subfield>
  </datafield>
  <datafield ind1=" " ind2=" " tag="090">
    <subfield code="a">06.01.01 </subfield>
    <subfield code="b">995</subfield>
  </datafield>
  <datafield tag="100" ind1="1" ind2=" ">
    <subfield code="9">2853</subfield>
    <subfield code="a">Parra, Gabriel</subfield>
  </datafield>
  <datafield ind2="0" ind1="1" tag="245">
    <subfield code="a">Redes de pensamiento: unidad, diversidad y complejidad de la investigación educativa / </subfield>
    <subfield code="c">Gabriel Parra, Agustín Martínez A.</subfield>
  </datafield>
  <datafield ind1=" " ind2=" " tag="260">
    <subfield code="a">Venezuela : </subfield>
    <subfield code="b">OPSU, </subfield>
    <subfield code="c">2004</subfield>
  </datafield>
  <datafield tag="300" ind2=" " ind1=" ">
    <subfield code="a">256 páginas</subfield>
  </datafield>
  <datafield ind1=" " ind2=" " tag="490">
    <subfield code="a">Proyectos de Chuquisaca No.1</subfield>
  </datafield>
  <datafield tag="650" ind2="4" ind1="1">
    <subfield code="a">INVESTIGACIÓN EDUCATIVA</subfield>
    <subfield code="9">326</subfield>
  </datafield>
  <datafield tag="650" ind1="1" ind2="4">
    <subfield code="a">EDUCACIÓN</subfield>
    <subfield code="9">1</subfield>
  </datafield>
  <datafield tag="650" ind2="4" ind1="1">
    <subfield code="a">ÉTICA</subfield>
    <subfield code="9">563</subfield>
  </datafield>
  <datafield ind2=" " ind1="1" tag="700">
    <subfield code="9">2854</subfield>
    <subfield code="a">Martínez, Agustín</subfield>
    <subfield code="e">Editor/a</subfield>
  </datafield>
  <datafield ind2=" " ind1=" " tag="942">
    <subfield code="2">z</subfield>
    <subfield code="c">01</subfield>
  </datafield>
</record>